@article{SUBHASHINI,
	title = "Analyzing and Detecting Employee's Emotion for Amelioration of Organizations",
	journal = "Procedia Computer Science",
	volume = "48",
	number = "Supplement C",
	pages = "530 - 536",
	year = "2015",
	note = "International Conference on Computer, Communication and Convergence (ICCC 2015)",
	issn = "1877-0509",
	doi = "https://doi.org/10.1016/j.procs.2015.04.131",
	url = "http://www.sciencedirect.com/science/article/pii/S1877050915006407",
	author = "R. Subhashini and P.R. Niveditha",
	keywords = "Employee, Emotions, Expressions, Organizations, C#, Database, Emotion Detection, Video Surveillance"
}

@article{Wu,
	author    = {Zuxuan Wu and Ting Yao and Yanwei Fu and Yu{-}Gang Jiang},
	title     = {Deep Learning for Video Classification and Captioning},
	journal   = {CoRR},
	volume    = {abs/1609.06782},
	year      = {2016},
	url       = {http://arxiv.org/abs/1609.06782},
	archivePrefix = {arXiv},
	eprint    = {1609.06782},
	timestamp = {Wed, 07 Jun 2017 14:40:03 +0200},
	biburl    = {http://dblp.org/rec/bib/journals/corr/WuYFJ16},
	bibsource = {dblp computer science bibliography, http://dblp.org}
}


@article{MATSUGU,
	title = "Subject independent facial expression recognition with robust face detection using a convolutional neural network",
	journal = "Neural Networks",
	volume = "16",
	number = "5",
	pages = "555 - 559",
	year = "2003",
	note = "Advances in Neural Networks Research: IJCNN '03",
	issn = "0893-6080",
	doi = "https://doi.org/10.1016/S0893-6080(03)00115-1",
	url = "http://www.sciencedirect.com/science/article/pii/S0893608003001151",
	author = "Masakazu Matsugu and Katsuhiko Mori and Yusuke Mitari and Yuji Kaneda",
	keywords = "Convolutional neural network, Face detection, Facial expression"
}

@misc{arthmann,
	 title= {Neuromarketing â€“ The Art and Science of Marketing and Neurosciences Enabled by IoT Technologies}, 	
	 url={https://www.iiconsortium.org/pdf/2017_JoI_Neuromarketing_IoT_Technologies.pdf},
	 journal={iiconsortium.org}, 
	 publisher={Industrial Internet Consortium}, 
	 author={Arthmann , Christopher and Li, I-Ping}, 
	 year={2017}
}
