@MISC{adit,
  AUTHOR =       "Adit Deshpande",
  TITLE =        "A Beginner's Guide To Understanding Convolutional Neural Networks",
  YEAR =         "2016",
  address =      "Dublin, IRL",
  source =       "Online",
  note =         "[20th July 2016]",
  howpublished = "\url{https://adeshpande3.github.io/adeshpande3.github.io/A-Beginner%27s-Guide-To-Understanding-Convolutional-Neural-Networks/}",

}

@misc{DeepText,
	Authors = {abdulkader_lakshmiratan_zhang_2017},
	title={Introducing DeepText: Facebook's text understanding engine},
	url={https://code.facebook.com/posts/181565595577955/introducing-deeptext-facebook-s-text-understanding-engine/},
	journal={Facebook Code},
	author={Abdulkader, Ahmad and Lakshmiratan, Aparna and Zhang, Joy},
	year={2017}
}


@MISC{trends,
  TITLE =        "trends.Google.com",
  howpublished = "Online",
  YEAR =         "2017",
  address =      "Dublin, IRL",
  source =       "Online",
  url =          "https://trends.google.co.uk/trends/explore?date=all&q=Convolutional%20Neural%20Network", 
  urldate = {2017-10-6}
}

@article{geocities,
  author  = "Nikhil Bhargava and Manik Gupta",
  TITLE =        "Application of Artificial Neural Networks in Business Applications",
  howpublished = "Online",
  year    = "2017",
  journal = "GEOCITIES",
  volume  = "1",
  pages   = "3-4"
}



@article{DBLP,
	author    = {Mohammad Havaei and
	Axel Davy and
	David Warde{-}Farley and
	Antoine Biard and
	Aaron C. Courville and
	Yoshua Bengio and
	Chris Pal and
	Pierre{-}Marc Jodoin and
	Hugo Larochelle},
	title     = {Brain Tumor Segmentation with Deep Neural Networks},
	journal   = {CoRR},
	volume    = {abs/1505.03540},
	year      = {2015},
	url       = {http://arxiv.org/abs/1505.03540},
	timestamp = {Wed, 07 Jun 2017 14:41:30 +0200},
	biburl    = {http://dblp.uni-trier.de/rec/bib/journals/corr/HavaeiDWBCBPJL15},
	bibsource = {dblp computer science bibliography, http://dblp.org}
}

@misc{CADe,  			
	title={Computer-aided detection system for lung cancer in computed tomography scans: Review and future prospects}, url={https://biomedical-engineering-online.biomedcentral.com/articles/10.1186/1475-925X-13-41},journal={BioMedical Engineering OnLine}, 
	publisher={BioMed Central}, 
	author={Firmino, Macedo and Morais, Antônio H and Mendoça, Roberto M and Dantas, Marcel R and Hekis, Helio R and Valentim, Ricardo}, 
	year={2014}, 
	month={Apr}
}

@article{empdetect,
	title = "Analyzing and Detecting Employee's Emotion for Amelioration of Organizations",
	journal = "Procedia Computer Science",
	volume = "48",
	number = "Supplement C",
	pages = "530 - 536",
	year = "2015",
	note = "International Conference on Computer, Communication and Convergence (ICCC 2015)",
	issn = "1877-0509",
	doi = "https://doi.org/10.1016/j.procs.2015.04.131",
	url = "http://www.sciencedirect.com/science/article/pii/S1877050915006407",
	author = "R. Subhashini and P.R. Niveditha",
}


@misc{frossbytes, 
	title= "Most Popular Programming Languages For Machine Learning And Data Science", url="https://fossbytes.com/popular-top-programming-languages-machine-learning-data-science/", 
	journal= "Fossbytes", 
	publisher= "Fossbytes ",
	author= "Verma, Adarsh",
	year= "2017",
	month= "Jan"
}


@misc{jain_2017,
	title= "7 Powerful Programming Languages For Doing Machine Learning | HackerEarth Blog",
	url= "http://blog.hackerearth.com/powerful-programming-languages-for-machine-learning",
	journal= "Blog.hackerearth.com",
	author= "Jain, Rashmi",
	year= "2017"
}


@misc{dist,
	title= "DISTRIBUTED TENSORFLOW  |  TENSORFLOW",
	url= "https://www.tensorflow.org/deploy/distributed",
	publisher= "TensorFlow",
	journal= "TensorFlow",
	Author = "TensorFlow",
	year= "2017"
}



